<record><leader>00000cas a22000007a 4500</leader><controlfield tag="001">23075818</controlfield><controlfield tag="008">910208d189919uumauwr ne      0    0eng d</controlfield><datafield ind1=" " ind2=" " tag="010"><subfield code="a">sn 89063486 </subfield></datafield><datafield ind1=" " ind2=" " tag="040"><subfield code="a">MGN</subfield><subfield code="b">eng</subfield><subfield code="c">MGN</subfield><subfield code="d">OCLCQ</subfield></datafield><datafield ind1=" " ind2=" " tag="042"><subfield code="a">msc</subfield></datafield><datafield ind1="0" ind2="0" tag="245"><subfield code="a">Woburn news.</subfield></datafield><datafield ind1=" " ind2=" " tag="260"><subfield code="a">Woburn, Mass. :</subfield><subfield code="b">Wallace &amp; Andrews</subfield></datafield><datafield ind1=" " ind2=" " tag="300"><subfield code="a">v.</subfield></datafield><datafield ind1=" " ind2=" " tag="310"><subfield code="a">Weekly</subfield></datafield><datafield ind1="0" ind2=" " tag="362"><subfield code="a">Vol. 10, no. 1 (July 8, 1899)-</subfield></datafield><datafield ind1=" " ind2=" " tag="580"><subfield code="a">Daily ed.: Evening news (Woburn, Mass.), 1906-</subfield></datafield><datafield ind1=" " ind2=" " tag="752"><subfield code="a">United States</subfield><subfield code="b">Massachusetts</subfield><subfield code="c">Middlesex</subfield><subfield code="d">Woburn.</subfield></datafield><datafield ind1="1" ind2=" " tag="775"><subfield code="t">Evening news (Woburn, Mass.)</subfield><subfield code="w">(DLC)sn 89063487</subfield></datafield><datafield ind1="0" ind2="0" tag="780"><subfield code="t">News (Woburn, Mass.)</subfield><subfield code="w">(DLC)sn 89063485</subfield></datafield></record>